<collection xmlns="http://www.loc.gov/MARC21/slim">
<record>
  <leader>01322nam0a22002291i 450 </leader>
  <controlfield tag="001">IT\ICCU\CNCE\070572</controlfield>
  <controlfield tag="005">20130329000000.0</controlfield>
  <datafield tag="012" ind1=" " ind2=" ">
    <subfield code="a">t.a. s.e, o.e, e.s. (S) 1568 (Q)</subfield>
    <subfield code="2">fei</subfield>
  </datafield>
  <datafield tag="100" ind1=" " ind2=" ">
    <subfield code="a">20070503f1568        0itac0103    ba</subfield>
  </datafield>
  <datafield tag="101" ind1=" " ind2=" ">
    <subfield code="a">LAT</subfield>
  </datafield>
  <datafield tag="102" ind1=" " ind2=" ">
    <subfield code="a">IT</subfield>
  </datafield>
  <datafield tag="200" ind1="1" ind2=" ">
    <subfield code="a">D.O.M. Illustriss. ac reuerendiss. d.d. Christophoro Madrutio, episcopo Prenestino, s.r.e. cardinali amplissimo, Trident. et priximen. principi, patrono suo colendiss. Valerius Arengherius Bononiensis s.p.d</subfield>
  </datafield>
  <datafield tag="210" ind1=" " ind2=" ">
    <subfield code="a">Bononiae</subfield>
    <subfield code="c">Peregrinus Bonardus excudebat</subfield>
    <subfield code="d">\1568!</subfield>
  </datafield>
  <datafield tag="215" ind1=" " ind2=" ">
    <subfield code="a">1 manifesto</subfield>
    <subfield code="d">atl</subfield>
  </datafield>
  <datafield tag="300" ind1=" " ind2=" ">
    <subfield code="a">Tesi e dispute di scolari e dottori dello Studio bolognese. Tesi in diritto civile. conclusioni &quot;Ex Rub.ff. de legatis.I.&quot; suddivise in sette punti. Presentazione: 11 dicembre 1568. - Cfr.: Z. Zanardi, Ancora sulle tesi dei lettori dello Studio bolognese: una raccolta sconosciuta del XVI secolo, in &quot;La Bibliofilia&quot;, CV (2003), n. 2, p. 154</subfield>
  </datafield>
  <datafield tag="620" ind1=" " ind2=" ">
    <subfield code="a">IT</subfield>
    <subfield code="d">Bologna</subfield>
  </datafield>
  <datafield tag="700" ind1=" " ind2="1">
    <subfield code="a">Ringhieri,</subfield>
    <subfield code="b">Valerio</subfield>
    <subfield code="3">IT\ICCU\CNCA\027959</subfield>
  </datafield>
  <datafield tag="712" ind1="0" ind2="0">
    <subfield code="a">Bonardo, Pellegrino</subfield>
    <subfield code="3">IT\ICCU\CNCT\000668</subfield>
    <subfield code="4">650</subfield>
  </datafield>
  <datafield tag="790" ind1=" " ind2="1">
    <subfield code="a">Arengherius,</subfield>
    <subfield code="b">Valerius</subfield>
    <subfield code="3">IT\ICCU\CNCA\027960</subfield>
    <subfield code="z">Ringhieri, Valerio</subfield>
  </datafield>
  <datafield tag="791" ind1="0" ind2="0">
    <subfield code="a">Bonardus, Peregrinus</subfield>
    <subfield code="3">IT\ICCU\CNCT\004433</subfield>
    <subfield code="z">Bonardo, Pellegrino</subfield>
  </datafield>
  <datafield tag="801" ind1=" " ind2="3">
    <subfield code="a">IT</subfield>
    <subfield code="b">ICCU</subfield>
    <subfield code="c">20201115</subfield>
  </datafield>
  <datafield tag="899" ind1=" " ind2=" ">
    <subfield code="a">Archivio di Stato di Bologna. Bologna</subfield>
    <subfield code="1">BO0514</subfield>
    <subfield code="2">ZBO 24</subfield>
  </datafield>
</record>
</collection>
